@article{fitness_trackers_2016, 
    author = "M. Meier, D. Reinhardt, S. WendZel", 
    title = "Attacks on Fitness Trackers Revisited: A Case-Study of Unfit Firmware Security", 
    publisher = "Sicherheit", 
    year = "2016" 
}

@article{firmalice_2015,
    author = "Yan Shoshitaishvili, Ruoyu Wang, Christophe Hauser, Christopher Kruegel, Giovanni Vigna", 
    title = "Firmalice - Automatic Detection of Authentication Bypass Vulnerabilities in Binary Firmware", 
    publisher = "UC Santa Barbara", 
    year = "2015"
}

@article{cloud_scale_2013,
    author = "Michael Coppola", 
    title = "Weighing in on Issues with Cloud Scale", 
    publisher = "Northeastern University", 
    year = "2013"
}

@article{static_disassembly_2002,
    author = "Christopher Kruegel, William Robertson, Fredrik Valeur and Giovanni Vigna", 
    title = "Static Disassembly of Obfuscated Binaries", 
    publisher = "University of California Santa Barbara", 
    year = "2002"
}

@article{avatar,
    author = "Jonas Zaddach, Luca Bruno, Auŕelien Francillon, Davide Balzarotti", 
    title = "Avatar: A Framework to Support Dynamic Security Analysis of Embedded Systems’ Firmwares", 
    publisher = "EURECOM"
    
}

@article{analysis_of_embedded_firmware_2014,
    author = "Andrei Costin, Jonas Zaddach, Auŕelien Francillon, Davide Balzarotti", 
    title = "A Large-Scale Analysis of the Security of Embedded Firmwares", 
    publisher = "EURECOM", 
    year = "2014"
}

@misc{binwalk,
    title = "Binwalk",
    url = "binwalk.org"
    author = "Craig Heffner"
}

@misc{wrt120N_2014,
    title = "Reversing the WRT120N’s Firmware Obfuscation", 
    url = "http://www.devttys0.com/2014/02/reversing-the-wrt120n-firmware-obfuscation/"
    author = "Craig Heffner"
    year = "2014"
}

@misc {braindump_2011,
    title = "Reverse engineering an obfuscated firmware image E01 – unpacking", 
    author = "Stefan Viehbock"
    year = "2011"
}

@article{firmware_mods_attack,
    author = "Ang Cui, Michael Costello and Salvatore J. Stolfo", 
    title = "When Firmware Modifications Attack:A Case Study of Embedded Exploitation", 
    publisher = "Columbia University"
    
}

@book{analysis_of_plc_firmware_2011,
    author = "Zachry Basnight, Jonathan Butts, Juan Lopez, and Thomas Dube",
    title = "Analysis of Programmable Logic Controller Firmware for Threat Assessment and Forensic Investigation",
    year = "2011", 
    publisher = "Air Force Institute of Technology", 
    address = "Wright-Patterson Air Force Base, USA"
}

@article{security_firmware_reverse_engineering_2013,
    author = "Jonas Zaddach and Andrei Costello",
    title = "Embedded Devices Security Firmware Reverse Engineering",
    publisher = "EURECOM", 
    year = "2013"
}

@article{dynamic_analysis_at_scale_2015,
    author = "Andrei Costin, Apostolis Zarras, Auŕelien Francillon", 
    title = "Automated Dynamic Firmware Analysis at Scale: A Case Study on Embedded Web Interfaces", 
    publisher = "EURECOM",
    year = "2015"
}

@article{fie_on_firmware_2013,
    author = "Drew Davidson, Benjamin Moench, Somesh Jha, and Thomas Ristenpart", 
    title = "FIE on Firmware: Finding Vulnerabilities in Embedded Systems using Symbolic Execution", 
    publisher = "University of Wisconsin - Madison",
    year = "2013"
}

@article{klee_2008,
    author = "Cristian Cadar, Daniel Dunbar, Dawson Engler",
    title = "KLEE: Unassisted and Automatic Generation of High-Coverage Tests for Complex Systems Programs", 
    publisher = "Stanford University",
    year = "2008"
}